<?xml version="1.0" encoding="UTF-8"?><collection xmlns="http://www.loc.gov/MARC21/slim"><record><leader>00510nam--2200193-u-4500</leader><controlfield tag="001">000053748</controlfield><controlfield tag="002">20161230</controlfield><controlfield tag="005">20161230201051</controlfield><controlfield tag="008">110602s1000------------r-----000-0-rus-d</controlfield><datafield ind1=" " ind2=" " tag="040"><subfield code="a">IFIN-HH</subfield></datafield><datafield ind1=" " ind2=" " tag="041"><subfield code="a">rus</subfield></datafield><datafield ind1=" " ind2=" " tag="080"><subfield code="a">536.7</subfield></datafield><datafield ind1="1" ind2=" " tag="100"><subfield code="a">Kirillin, V.A</subfield></datafield><datafield ind1="1" ind2="0" tag="245"><subfield code="a">Issledovania termodinamiceskih svoistv vesestv</subfield><subfield code="c">V.a. kirillin; a.e. seindlin</subfield></datafield><datafield ind1=" " ind2=" " tag="260"><subfield code="a">Moskva</subfield><subfield code="b">Enegetiskoe Izdatelstvo</subfield><subfield code="c">1963</subfield></datafield><datafield ind1=" " ind2=" " tag="300"><subfield code="a">560P</subfield></datafield><datafield ind1="1" ind2=" " tag="700"><subfield code="a">Seindlin, A.E</subfield></datafield><datafield ind1=" " ind2=" " tag="852"><subfield code="a">75972</subfield><subfield code="c">536.7</subfield></datafield><datafield ind1=" " ind2=" " tag="CAT"><subfield code="a">Sys</subfield><subfield code="c">20110602</subfield><subfield code="h">153003</subfield></datafield></record></collection>